@book{curtis-orbital-mech,
    title={Orbital Mechanics for Engineering Students},
    author={Howard D. Curtis},
    isbn={9780080977478},
    pages={576--583},
    edition={3},
}

% @book{intro-attitude-dynamics,
%     title={Introductory Attitude Dynamics},
%     author={F.P.J. Rimrott},
%     isbn={9781461281290},
%     year={2011},
%     publisher={Springer},
% }

@report{eom-despin-dtic,
    title={Equations of Motion and Design Criteria for the Despin of a Vehicle by the Radial Release of Weights and Cables of Finite Mass},
    author={Donald G. Eide and Chester A. Vaughn},
    institution={Defense Technical Information Center},
    number={AD0270287},
    date={1962-01-01},
}

@report{princeton-course,
    title={Space System Design},
    author={Robert Stengel},
    institution={Princeton University},
    number={MAE 342},
}

@book{heister-rocket-propulsion,
    title={Rocket Propulsion},
    author={Steven D. Heister and William E. Anderson and Timoth{\'e}e L. Pourpoint and R. Joseph Cassady},
    isbn={9781108422277},
    year={2019},
    publisher={Cambridge University Press}
}

% prop source 1:
@report{butacene, 
    title={Characterization of Aging Behavior of Butacene\textregistered Based Composite Propellants by Loss Factor Curves},
    author={Tijen Seyidoglu and Manfred A. Bohn},
    number={STO-MP-AVT-268},
}

% prop source 2
@online{rem-disposal,
    title={Hazardous Waste Disposal Guidelines},
    date={2022-03-12},
    urldate={2022-11-13},
    institution={Radiological and Environmental Management - Purdue University},
    url={https://www.purdue.edu/ehps/rem/},
}

% prop source 3
@thesis{uah-thesis,
    title={Solid Rocket Motor Static Fire Test Stand Optimization: Load Cell Effects and other Uncertainties.},
    author={Charles W. Freeman},
    institution={University of Alabama},
    date={2018},
    url={https://louis.uah.edu/cgi/viewcontent.cgi?article=1262&context=uah-theses},
}

% prop source 4
@book{zeller,
    title={Solid Propellant Grain Design},
    author={B. Zeller},
    editor={A. Davenas},
    date={1993},
    pages={35--84},
    publisher={Elsevier Ltd.},
}

% prop source 5
@thesis{magni,
    title={Optimization of Solid Rocket Grain Geometries},
    author={Magni Johannsson},
    institution={Deutsches Zentrum f{\"u}r Luft- und Raumfahrt e.V},
    date={2012},
    url={http://www.diva-portal.org/smash/get/diva2:513657/fulltext01.pdf},
}

@report{nasa-sp8007, 
    title={Buckling of Thin-Walled Circular Cylinders},
    number={NASA/SP-8007-2020},
    date={2020-11},
}